@mastersthesis{Mun,
    author  =   {Marco Antonio Muñoz Torrealva},
    title   =   {Desarrollo de una aplicación móvil para la realización de reservas y toma de órdenes en el restaurante LongHorn},
    school  =   {Universidad de San Martín de Porres, Lima - Perú},
    year    =   {2017},
    url =   {http://biblio3.url.edu.gt/PROFASR/Modulo-Formacion/07.pdf}
}